<?xml version="1.0" encoding="UTF-8"?>
<Document xmlns="urn:iso:std:iso:20022:tech:xsd:pain.008.001.02">
    <CstmrDrctDbtInitn><GrpHdr><MsgId>REM_20250523112704</MsgId><CreDtTm>2025-05-23T11:27:04+02:00</CreDtTm><NbOfTxs>8</NbOfTxs><CtrlSum>112.00</CtrlSum><InitgPty><Nm>Nombre SL</Nm></InitgPty></GrpHdr><PmtInf><PmtInfId>REM_20250523112704</PmtInfId><PmtMtd>DD</PmtMtd><BtchBookg>true</BtchBookg><NbOfTxs>8</NbOfTxs><CtrlSum>112.00</CtrlSum><PmtTpInf><SvcLvl><Cd>SEPA</Cd></SvcLvl><SeqTp>FRST</SeqTp></PmtTpInf><ReqdColltnDt>2025-06-23 00:00:00</ReqdColltnDt><Cdtr><Nm>Nombre SL</Nm></Cdtr><CdtrAcct><Id><IBAN>ES9121000418450200051332</IBAN></Id></CdtrAcct><CdtrAgt><FinInstnId><BIC>CAIXESBBXXX</BIC></FinInstnId></CdtrAgt><CdtrSchmeId><Id><PrvtId><Othr><Id>ES21ZZZB12345678<SchmeNm><Prtry>SEPA</Prtry></SchmeNm></Id></Othr></PrvtId></Id></CdtrSchmeId><DrctDbtTxInf><PmtId><EndToEndId>000001</EndToEndId></PmtId><InstdAmt Ccy="EUR">14.00</InstdAmt><DrctDbtTx><MndtRltdInf><MndtId>000001</MndtId><DtOfSgntr>2025-05-16 00:00:00</DtOfSgntr></MndtRltdInf></DrctDbtTx><DbtrAgt><FinInstnId><BIC>UNKNOWN</BIC></FinInstnId></DbtrAgt><Dbtr><Nm>Pedro Gonzalez Gonzalez</Nm></Dbtr><DbtrAcct><Id><IBAN>ES999999999999999999</IBAN></Id></DbtrAcct><RmtInf><Ustrd>Recibo del certificado de PRUEBA 1 de Kyrema 000001 con cobertura de 2025-05-16 a 2025-07-15</Ustrd></RmtInf></DrctDbtTxInf><DrctDbtTxInf><PmtId><EndToEndId>000002</EndToEndId></PmtId><InstdAmt Ccy="EUR">14.00</InstdAmt><DrctDbtTx><MndtRltdInf><MndtId>000002</MndtId><DtOfSgntr>2025-05-21 00:00:00</DtOfSgntr></MndtRltdInf></DrctDbtTx><DbtrAgt><FinInstnId><BIC>UNKNOWN</BIC></FinInstnId></DbtrAgt><Dbtr><Nm>Pedro Gonzalez Gonzalez</Nm></Dbtr><DbtrAcct><Id><IBAN>ES999999999999999999</IBAN></Id></DbtrAcct><RmtInf><Ustrd>Recibo del certificado de PRUEBA 1 de Kyrema 000002 con cobertura de 2025-05-21 a 2025-07-20</Ustrd></RmtInf></DrctDbtTxInf><DrctDbtTxInf><PmtId><EndToEndId>00003</EndToEndId></PmtId><InstdAmt Ccy="EUR">14.00</InstdAmt><DrctDbtTx><MndtRltdInf><MndtId>00003</MndtId><DtOfSgntr>2025-05-21 00:00:00</DtOfSgntr></MndtRltdInf></DrctDbtTx><DbtrAgt><FinInstnId><BIC>UNKNOWN</BIC></FinInstnId></DbtrAgt><Dbtr><Nm>Pedro Gonzalez Gonzalez</Nm></Dbtr><DbtrAcct><Id><IBAN>ES999999999999999999</IBAN></Id></DbtrAcct><RmtInf><Ustrd>Recibo del certificado de PRUEBA 1 de Kyrema 00003 con cobertura de 2025-05-21 a 2025-07-20</Ustrd></RmtInf></DrctDbtTxInf><DrctDbtTxInf><PmtId><EndToEndId>00004</EndToEndId></PmtId><InstdAmt Ccy="EUR">14.00</InstdAmt><DrctDbtTx><MndtRltdInf><MndtId>00004</MndtId><DtOfSgntr>2025-05-21 00:00:00</DtOfSgntr></MndtRltdInf></DrctDbtTx><DbtrAgt><FinInstnId><BIC>UNKNOWN</BIC></FinInstnId></DbtrAgt><Dbtr><Nm>Pedro Gonzalez Gonzalez</Nm></Dbtr><DbtrAcct><Id><IBAN>ES999999999999999999</IBAN></Id></DbtrAcct><RmtInf><Ustrd>Recibo del certificado de PRUEBA 1 de Kyrema 00004 con cobertura de 2025-05-21 a 2025-07-20</Ustrd></RmtInf></DrctDbtTxInf><DrctDbtTxInf><PmtId><EndToEndId>00005</EndToEndId></PmtId><InstdAmt Ccy="EUR">14.00</InstdAmt><DrctDbtTx><MndtRltdInf><MndtId>00005</MndtId><DtOfSgntr>2025-05-21 00:00:00</DtOfSgntr></MndtRltdInf></DrctDbtTx><DbtrAgt><FinInstnId><BIC>UNKNOWN</BIC></FinInstnId></DbtrAgt><Dbtr><Nm>Pedro Gonzalez Gonzalez</Nm></Dbtr><DbtrAcct><Id><IBAN>ES999999999999999999</IBAN></Id></DbtrAcct><RmtInf><Ustrd>Recibo del certificado de PRUEBA 1 de Kyrema 00005 con cobertura de 2025-05-21 a 2025-07-20</Ustrd></RmtInf></DrctDbtTxInf><DrctDbtTxInf><PmtId><EndToEndId>sp10000006</EndToEndId></PmtId><InstdAmt Ccy="EUR">14.00</InstdAmt><DrctDbtTx><MndtRltdInf><MndtId>sp10000006</MndtId><DtOfSgntr>2025-05-21 00:00:00</DtOfSgntr></MndtRltdInf></DrctDbtTx><DbtrAgt><FinInstnId><BIC>UNKNOWN</BIC></FinInstnId></DbtrAgt><Dbtr><Nm>Pedro Gonzalez Gonzalez</Nm></Dbtr><DbtrAcct><Id><IBAN>ES999999999999999999</IBAN></Id></DbtrAcct><RmtInf><Ustrd>Recibo del certificado de PRUEBA 1 de Kyrema sp10000006 con cobertura de 2025-05-21 a 2025-07-20</Ustrd></RmtInf></DrctDbtTxInf><DrctDbtTxInf><PmtId><EndToEndId>0000007</EndToEndId></PmtId><InstdAmt Ccy="EUR">14.00</InstdAmt><DrctDbtTx><MndtRltdInf><MndtId>0000007</MndtId><DtOfSgntr>2025-05-21 00:00:00</DtOfSgntr></MndtRltdInf></DrctDbtTx><DbtrAgt><FinInstnId><BIC>UNKNOWN</BIC></FinInstnId></DbtrAgt><Dbtr><Nm>Pedro Gonzalez Gonzalez</Nm></Dbtr><DbtrAcct><Id><IBAN>ES999999999999999999</IBAN></Id></DbtrAcct><RmtInf><Ustrd>Recibo del certificado de PRUEBA 1 de Kyrema 0000007 con cobertura de 2025-05-21 a 2025-07-20</Ustrd></RmtInf></DrctDbtTxInf><DrctDbtTxInf><PmtId><EndToEndId>SP10000009</EndToEndId></PmtId><InstdAmt Ccy="EUR">14.00</InstdAmt><DrctDbtTx><MndtRltdInf><MndtId>SP10000009</MndtId><DtOfSgntr>2025-05-22 00:00:00</DtOfSgntr></MndtRltdInf></DrctDbtTx><DbtrAgt><FinInstnId><BIC>UNKNOWN</BIC></FinInstnId></DbtrAgt><Dbtr><Nm>Pedro Gonzalez Gonzalez</Nm></Dbtr><DbtrAcct><Id><IBAN>ES999999999999999999</IBAN></Id></DbtrAcct><RmtInf><Ustrd>Recibo del certificado de PRUEBA 1 de Kyrema SP10000009 con cobertura de 2025-05-22 a 2025-07-21</Ustrd></RmtInf></DrctDbtTxInf></PmtInf></CstmrDrctDbtInitn>
</Document>
